@manual{MTCPart1,
  title = {{MTConnect Standard Part 1.0 - Overview and Fundamentals}},
  %url = {http://bit.ly/2CaOlt1},
  label = {MTConnect Part 1.0},
  volume = {Part 1.0},
  version = {1.8.0},
  keywords = {MTC}
  }

@manual{MTCPart2,
  title = {{MTConnect Standard: Part 2.0 - Devices Information Model}},
  %url = {http://bit.ly/2OVfEy6},
  label = {MTConnect Part 2.0},
  volume = {Part 2.0},
  version = {1.8.0},
  keywords = {MTC}
  }

@manual{MTCPart3,
  title = {{MTConnect Standard: Part 3.0 - Streams Information Model}},
  %url = {http://bit.ly/2pMob8q},
  label = {MTConnect Part 3.0},
  volume = {Part 3.0},
  version = {1.8.0},
  keywords = {MTC}
  }

@manual{MTCPart40,
  title = {{MTConnect Standard: Part 4.0 - Assets Information Model}},
  %url = {http://bit.ly/2yyLc2D},
  label = {MTConnect Part 4.0},
  volume = {Part 4.0},
  version = {1.8.0},
  keywords = {MTC}
  }
  
@manual{MTCPart41,
  title = {{MTConnect Standard: Part 4.1 - Cutting Tools}},
  %url = {http://bit.ly/2A5eDeN},
  label = {MTConnect Part 4.1},
  volume = {Part 4.1},
  version = {1.8.0},
  keywords = {MTC}
  }
  
@manual{MTCPart42,
  title = {{MTConnect Standard: Part 4.2 - File Asset Information Model}},
  %url = {http://bit.ly/2A5eDeN},
  label = {MTConnect Part 4.2},
  volume = {Part 4.2},
  version = {1.8.0},
  keywords = {MTC}
  }

@manual{MTCPart43,
  title = {{MTConnect Standard: Part 4.3 - Raw Material Asset Information Model}},
  %url = {http://bit.ly/2A5eDeN},
  label = {MTConnect Part 4.3},
  volume = {Part 4.3},
  version = {1.8.0},
  keywords = {MTC}
  }
  
@manual{MTCPart44,
  title = {{MTConnect Standard: Part 4.4 - QIF Asset Information Model}},
  %url = {http://bit.ly/2A5eDeN},
  label = {MTConnect Part 4.4},
  volume = {Part 4.4},
  version = {1.8.0},
  keywords = {MTC}
  }

@manual{MTCPart5,
  title = {{MTConnect Standard: Part 5.0 - Interfaces}},
  %url = {http://bit.ly/2pPNGFY},
  label = {MTConnect Part 5.0},
  volume = {Part 5.0},
  version = {1.8.0},
  keywords = {MTC}
  }
